<collection xmlns="http://www.loc.gov/MARC21/slim">
<record>
  <leader>00382na 0a22001211i 450 </leader>
  <controlfield tag="001">IT\ICCU\CNCE\061300</controlfield>
  <controlfield tag="005">20130524000000.0</controlfield>
  <datafield tag="100" ind1=" " ind2=" ">
    <subfield code="a">20050916             0itac0103    ba</subfield>
  </datafield>
  <datafield tag="101" ind1=" " ind2=" ">
    <subfield code="a">ITA</subfield>
  </datafield>
  <datafield tag="200" ind1="1" ind2=" ">
    <subfield code="a">Lagrime di s. Piero</subfield>
  </datafield>
  <datafield tag="700" ind1=" " ind2="1">
    <subfield code="a">Pucci,</subfield>
    <subfield code="b">Antonio</subfield>
    <subfield code="c"> &lt;1485-1544&gt;</subfield>
    <subfield code="3">IT\ICCU\CNCA\005722</subfield>
  </datafield>
  <datafield tag="790" ind1=" " ind2="1">
    <subfield code="a">Puccius,</subfield>
    <subfield code="b">Antonius</subfield>
    <subfield code="3">IT\ICCU\CNCA\018693</subfield>
    <subfield code="z">Pucci, Antonio &lt;1485-1544&gt;</subfield>
  </datafield>
  <datafield tag="801" ind1=" " ind2="3">
    <subfield code="a">IT</subfield>
    <subfield code="b">ICCU</subfield>
    <subfield code="c">20201115</subfield>
  </datafield>
</record>
</collection>
